<?xml version="1.0" encoding="UTF-8"?><collection xmlns="http://www.loc.gov/MARC21/slim"><record><leader>00534nam--2200181-u-4500</leader><controlfield tag="001">000056844</controlfield><controlfield tag="002">20200910</controlfield><controlfield tag="005">20200910025147</controlfield><controlfield tag="008">200910s1000------------r-----000-0-eng-d</controlfield><datafield ind1=" " ind2=" " tag="040"><subfield code="a">IFIN-HH</subfield></datafield><datafield ind1="1" ind2=" " tag="100"><subfield code="a">Greiner, Walter</subfield></datafield><datafield ind1="1" ind2="0" tag="245"><subfield code="a">Heavy Elements and Related New Phenomena. Volume II</subfield><subfield code="c">Walter Greiner; Raj K. Gupta (eds.)</subfield></datafield><datafield ind1=" " ind2=" " tag="260"><subfield code="a">Singapore</subfield><subfield code="b">World Scientific</subfield><subfield code="c">1999</subfield></datafield><datafield ind1=" " ind2=" " tag="300"><subfield code="a">IX+1147 p</subfield></datafield><datafield ind1=" " ind2=" " tag="500"><subfield code="a">Donatie Acad. Nicolae Victor Zamfir</subfield></datafield><datafield ind1="1" ind2=" " tag="700"><subfield code="a">Gupta, Raj K</subfield></datafield><datafield ind1=" " ind2=" " tag="852"><subfield code="a">82790</subfield><subfield code="c">N.V.Z</subfield></datafield><datafield ind1=" " ind2=" " tag="CAT"><subfield code="a">SYS</subfield><subfield code="c">20200910</subfield><subfield code="h">025147</subfield></datafield></record></collection>